<record><leader>00000cas a2200000 a 4500</leader><controlfield tag="001">55849628</controlfield><controlfield tag="008">040706u19uuuuuucauwr ne      0    0peroc</controlfield><datafield ind1=" " ind2=" " tag="010"><subfield code="a">  2004223042</subfield></datafield><datafield ind1=" " ind2=" " tag="040"><subfield code="a">CLU</subfield><subfield code="b">eng</subfield><subfield code="c">CLU</subfield><subfield code="d">OCLCQ</subfield><subfield code="d">OCLCF</subfield><subfield code="d">OCLCO</subfield></datafield><datafield ind1="1" ind2=" " tag="029"><subfield code="a">AU@</subfield><subfield code="b">000025965471</subfield></datafield><datafield ind1=" " ind2=" " tag="042"><subfield code="a">pcc</subfield></datafield><datafield ind1=" " ind2=" " tag="043"><subfield code="a">a-ir---</subfield></datafield><datafield ind1="0" ind2=" " tag="130"><subfield code="a">Ba&#772;mda&#772;d (Los Angeles, Calif.)</subfield></datafield><datafield ind1="1" ind2="0" tag="245"><subfield code="a">Ba&#772;mda&#772;d.</subfield></datafield><datafield ind1="3" ind2="1" tag="246"><subfield code="a">Haftah&#697;na&#772;mah-i ba&#772;mda&#772;d</subfield></datafield><datafield ind1=" " ind2=" " tag="260"><subfield code="a">Encino, CA :</subfield><subfield code="b">Bam&#772;da&#772;d</subfield></datafield><datafield ind1=" " ind2=" " tag="300"><subfield code="a">v. :</subfield><subfield code="b">ill. ;</subfield><subfield code="c">58 cm.</subfield></datafield><datafield ind1=" " ind2=" " tag="310"><subfield code="a">Weekly</subfield></datafield><datafield ind1=" " ind2=" " tag="500"><subfield code="a">&quot;Ru&#772;z&#697;namah-i mustaqill-i I&#772;ra&#772;ni&#772;ya&#772;n-i buru&#772;n&#697;marzi&#772;.&quot;</subfield></datafield><datafield ind1=" " ind2=" " tag="588"><subfield code="a">Description based on: Sa&#772;l-i 2., shuma&#772;rah-i 4 (14 Ju&#772;la&#772;y 1995).</subfield></datafield><datafield ind1=" " ind2=" " tag="588"><subfield code="a">Latest issue consulted: Sa&#772;l-i 2., shuma&#772;rah-i 12 (15 Sipta&#772;mbr 1995).</subfield></datafield><datafield ind1=" " ind2="0" tag="651"><subfield code="a">Iran</subfield><subfield code="v">Newspapers.</subfield></datafield><datafield ind1=" " ind2="7" tag="655"><subfield code="a">Newspapers.</subfield><subfield code="2">fast</subfield><subfield code="0">(OCoLC)fst01423814</subfield></datafield><datafield ind1=" " ind2="7" tag="651"><subfield code="a">Iran.</subfield><subfield code="2">fast</subfield><subfield code="0">(OCoLC)fst01204889</subfield></datafield><datafield ind1=" " ind2=" " tag="752"><subfield code="a">United States</subfield><subfield code="b">California</subfield><subfield code="c">Los Angeles</subfield><subfield code="d">Los Angeles.</subfield></datafield></record>